@article{RGPDexplanRight,
  title={European Union regulations on algorithmic decision-making and a "right to explanation"},
  author={Bryce Goodman, Seth Flaxman},
  year={2016}
}

@article{discriminationWay,
  title={Big Data’s Disparate Impact},
  author={Solon Barocas, Andrew D. Selbst},
  year={2016}
}

@article{dicriminationAlgo,
  title={Discrimination,intelligence artificielle et décisions algorithmiques},
  author={Frederik Zuiderveen Borgesius},
  year={2018}
}

@article{surveyExplaining,
  title={A Survey Of Methods For Explaining Black Box Models},
  author={R.Guidotti, A.Monreale, S.Ruggieri},
  year={2018}
}

@article{explainingIA,
  title={Explainable Artificial Intelligence: Understanding, Visualizing and Interpreting Deep Learning Models},
  author={W.Samek, T.Wiegand, KR.Müller},
  year={2017}
}

@article{silentMask,
  title={Real Time Image Saliency for Black Box Classifiers},
  author={Piotr Dabkowski, Yarin Gal},
  year={2017}
}

@book{molnar2019,
  title      = {Interpretable Machine Learning},
  author     = {Christoph Molnar},
  year       = {2019}
}

@article{limePaper,
  title={“Why Should I Trust You?” Explaining the Predictions of Any Classifier},
  author={MT.Ribeiro, S.Singh, C.Guestrin},
  year={2016}
}

@online{hippocrate,
  author = {Data for Good},
  title = {Serment d'Hippocrate pour Data Scientist},
  year = 2018,
  url = {https://hippocrate.tech/},
  urldate = {2020-03-23}
}

@online{opinionWay,
  author = {OpinionWay},
  title = {OpinionWay pour VMware - Les Français et l'usage de l'Intelligence Artificielle},
  year = 2017,
  url = {https://www.opinion-way.com/fr/},
  urldate = {2020-01-27}
}

@online{kdInterpre,
  author = {Richard Gall},
  title = {Machine Learning Explainability vs Interpretability: Two concepts that could help restore trust in AI},
  year = 2018,
  url = {https://www.kdnuggets.com/2018/12/machine-learning-explainability-interpretability-ai.html},
  urldate = {2020-01-27}
}

@online{kdCouche,
  author = {Saurabh Kaushik},
  title = {Holy Grail of AI for Enterprise - Explainable AI},
  year = 2018,
  url = {https://www.kdnuggets.com/2018/10/enterprise-explainable-ai.html},
  urldate = {2020-01-27}
}

@online{examScore,
  author = {Royce Kimmons},
  title = {Exam scores for students at a public school},
  year = 2012,
  url = {http://roycekimmons.com/tools/generated_data/exams},
  urldate = {2020-04-20}
}

@online{kagglePneumonia,
  author = {Paul Mooney},
  title = {Chest X-Ray Images (Pneumonia)},
  year = 2018,
  url = {https://www.kaggle.com/paultimothymooney/chest-xray-pneumonia},
  urldate = {2020-04-20}
}